4500 5782
459 692 552 778 apud
575 689 818 776 Theoguldem
1103 697 1105 760 l
1414 689 1507 774 apud
1530 691 1721 760 stobaeum

600 833 682 898 1135
795 913 797 916 ¹
908 844 910 854 ¹
1435 831 1468 895 in
1492 849 1557 913 cap.
1581 829 1636 896 ΟΧ
1659 833 1698 895 12

534 1071 745 1138 1153-1156
1430 1069 1462 1135 in
1485 1088 1550 1152 cap.
1574 1069 1644 1136 0111
1668 1075 1708 1138 14

535 1309 748 1378 nst-1160
1026 1331 1028 1335 ⁴
1429 1311 1462 1375 in
1484 1329 1548 1394 cap.
1571 1310 1643 1377 XCI
1663 1314 1705 1378 26

207 1435 290 1502 1160
447 1427 556 1514 bvpdv
578 1424 649 1496 dol
670 1424 1047 1518 δύνατοιζτολέοαι.“)
1491 1431 1634 1520 κορέσαι.

536 1552 750 1618 1163-1164
1444 1551 1476 1615 in
1499 1570 1564 1636 cap.
1588 1553 1635 1616 111
1660 1555 1698 1618 19

211 1675 293 1740 1163
315 1668 490 1762 ὀφθαλμοὶ
511 1671 565 1738 καὶ
587 1672 722 1755 γλῶσσα
743 1669 799 1738 καὶ
816 1663 919 1737 οὔατα
933 1670 988 1738 καὶ
1007 1660 1082 1746 νόος

573 1787 721 1878 ἀνδρῶν
1545 1787 1662 1880 ἀνδρὸς

209 1918 292 1984 1161
358 1885 1081 1999 ἐῖμέοοῳοτηθὲωνένουνοτοῐςφύεται.Π)
1501 1904 1670 1991 εὐξύνετος

371 2135 438 2200 lam
459 2136 619 2218 paululum
648 2152 867 2200 commoremur
898 2134 933 2198 in
965 2133 1204 2216 contemplandis
1237 2134 1373 2213 alterins,
1405 2153 1498 2217 qnam
1530 2153 1620 2218 supra
1652 2135 1874 2222 constituimus,
1908 2139 2014 2204 classis

212 2249 360 2330 uersibus,
384 2266 459 2330 qnos
481 2247 554 2312 on
575 2247 608 2310 in
629 2244 854 2328 proverbiomm
875 2243 1125 2310 consuetudinem
1142 2247 1260 2312 venisse
1281 2266 1342 2312 non
1362 2245 1604 2330 improbabiliter
1625 2247 1800 2314 conicimus.

365 2361 467 2440 Atque
489 2358 619 2440 primum
644 2355 767 2438 quidem
789 2355 832 2420 eis
855 2356 1117 2424 adnumerandum
1138 2359 1185 2423 est
1205 2357 1263 2422 hoc
1285 2357 1449 2424 distichon:

621 2471 684 2532 255
708 2456 898 2533 Κάλλιοτον
920 2466 959 2535 τό
982 2461 1201 2552 δικαιότατον,
1224 2471 1374 2556 λῷστον
1396 2467 1581 2556 thymber

623 2580 687 2643 256
752 2583 889 2667 πρῆγμα
912 2579 949 2646 δὲ
971 2574 1202 2670 τερπνότατον,
1224 2589 1286 2648 τοῦ
1306 2576 1358 2660 τος
1377 2579 1451 2670 ιἐρᾷ,
1473 2581 1511 2649 τὸ
1534 2590 1654 2666 τυχεῖν,

215 2697 302 2764 onius
324 2693 415 2760 lectio
438 2691 519 2776 apud
541 2690 706 2757 Stobaeum
729 2681 801 2756 dm
822 2693 841 2754 8
864 2692 954 2773 plane
976 2693 1137 2777 discrepat.
1181 2693 1230 2772 Ibi
1250 2695 1283 2758 in
1304 2695 1477 2760 hexametro
1499 2695 1606 2762 hahes:
1630 2697 1750 2785 ρᾲοτον
1766 2694 1860 2781 obp„
1882 2695 2012 2762 AVind.

205 2810 336 2900 1ῥᾷστον
358 2800 522 2890 diceba,
545 2809 575 2868 Β
598 2803 718 2892 ῥᾷστον
741 2798 820 2888 δ’ὑγρ
841 2805 1031 2884 pentameter
1052 2807 1156 2871 autem
1177 2806 1223 2872 ita
1244 2807 1326 2874 fluit:

625 2909 760 2999 ἥδιστον
782 2911 819 2979 δὲ
841 2921 952 2996 τυχεῖν
975 2913 1020 2998 (Β
1043 2910 1234 3001 δὀὕτοχεῖν)
1257 2910 1303 2985 ὦν
1323 2943 1375 2996 τις
1397 2917 1535 2997 ἕκαστος
1555 2919 1627 3008 ἐρᾷ.

380 3027 467 3110 Quod
493 3027 643 3096 distichon
670 3046 740 3092 cum
768 3025 937 3107 antiquitus
959 3025 1030 3091 Deli
1053 3027 1087 3092 in
1108 3028 1258 3110 Apollinis
1284 3029 1398 3112 templo
1424 3031 1473 3096 rel
1498 3032 1531 3098 in
1558 3031 1681 3096 donabo
1707 3031 1808 3114 aliquo
1838 3030 2019 3113 inscriptum

220 3144 322 3224 luerit,
345 3141 495 3224 Bergkius
516 3139 685 3222 Theognidi
707 3138 871 3206 abiudicat.
919 3136 1003 3217 Quae
1026 3139 1109 3204 dicta
1129 3139 1162 3203 in
1183 3141 1298 3224 templo
1320 3141 1378 3206 illo
1399 3142 1545 3226 inscnpta
1567 3142 1763 3210 celeberrima
1784 3142 1879 3208 fuisse
1900 3142 2016 3225 totique

216 3255 360 3326 Graeciae
382 3252 548 3318 innotusse
570 3253 701 3319 constat.
745 3251 854 3332 Itaque
877 3269 947 3315 cum
964 3251 998 3315 in
1020 3250 1155 3316 omniurn
1177 3269 1226 3317 ore
1249 3255 1450 3335 versarentur,
1473 3255 1588 3320 factum
1610 3255 1666 3334 est,
1689 3257 1725 3318 nt
1738 3255 1857 3319 mature
1872 3272 2018 3338 germana

215 3370 313 3436 forma
335 3367 555 3446 obscuraretru,
577 3383 675 3446 neque
696 3364 808 3428 mirum
831 3363 888 3444 est,
910 3361 994 3428 idem
1016 3361 1167 3428 distichon
1190 3365 1271 3446 apud
1298 3365 1374 3430 alios
1400 3367 1560 3448 scriptores
1587 3367 1676 3431 aliter
1702 3366 1771 3449 legi
1823 3364 1891 3446 Qua
1919 3367 1956 3431 de
1986 3385 2018 3431 re

215 3481 285 3548 vide
307 3477 388 3562 apud
410 3477 587 3560 Berginium,
611 3494 688 3558 quae
710 3475 751 3540 ad
772 3494 821 3540 vv.
845 3477 918 3560 255.
941 3477 1005 3540 256
1028 3475 1194 3542 adnotavit.
1239 3475 1301 3542 Ofr.
1324 3475 1418 3540 etiam
1438 3478 1471 3544 F.
1488 3475 1526 3544 e.
1543 3477 1762 3544 Schneidewini
1778 3476 1942 3544 Simonidis
1965 3477 2020 3543 Cei

217 3594 272 3662 rel.
294 3612 323 3675 p.
346 3595 398 3656 54.
444 3587 583 3654 Gennina
604 3587 701 3672 igitur
722 3587 832 3652 tahum
855 3586 1005 3652 dictorum
1026 3588 1122 3651 forma
1143 3587 1267 3652 restitui
1289 3604 1349 3652 non
1374 3589 1497 3672 poterit.
1547 3589 1607 3670 Qui
1636 3589 1716 3655 enim
1742 3589 1774 3653 in
1800 3589 1938 3671 legendis
1966 3591 2020 3655 ant

217 3702 409 3784 excerpendis
431 3699 615 3765 carminibus
637 3699 824 3779 versabatur,
857 3698 912 3763 ubi
934 3698 1083 3764 eiusmodi
1115 3699 1300 3764 sententiam
1322 3717 1494 3782 expressam
1514 3700 1640 3781 invenit,
1663 3721 1699 3766 ex
1714 3700 1877 3766 memoriae
1893 3701 2019 3767 latebris

218 3814 308 3881 facile
331 3812 517 3895 deprompsit
538 3831 606 3877 eam
628 3811 768 3893 formam,
798 3829 890 3894 quarn
912 3809 1014 3875 animo
1040 3810 1163 3876 infixam
1190 3811 1324 3878 hahebat
1351 3830 1477 3896 eamque
1505 3813 1637 3896 margini
1664 3813 1833 3896 adscripsit.
1884 3813 1932 3878 Ita
1959 3813 2021 3878 fere

220 3924 452 3992 catastolium
474 3925 609 3990 locorum
630 3924 775 3990 lectiones
796 3925 878 3989 ortas
900 3941 966 3988 esse
988 3925 1139 4006 putamus.

227 4254 293 4302 osse
315 4235 443 4314 censuit,
466 4233 546 4316 quod
567 4233 708 4298 laudaret
730 4233 882 4318 Theognis
905 4230 1092 4318 ἐμπίεοθοι
1114 4234 1134 4300 1.
1157 4253 1183 4300 e.
1205 4235 1340 4300 mentem
1354 4234 1425 4300 rino
1440 4234 1574 4300 obruere.
1624 4236 1722 4302 Verbo
1743 4235 1839 4319 igitur
1861 4233 2026 4319 ἐμτέομαι

225 4339 348 4405 ctextu
368 4336 484 4400 remoto
507 4335 656 4402 Stobaeus
677 4336 804 4401 inseruit
824 4337 929 4401 inanes
950 4336 1021 4401 illas
1042 4339 1208 4420 particulas
1230 4334 1307 4406 οὐδὲ
1330 4333 1433 4424 (οὔτε)
1455 4362 1491 4422 γε
1514 4334 1588 4424 μήν,
1611 4358 1688 4420 quae
1711 4339 1926 4404 uocabulorum
1953 4357 2025 4404 con-

221 4439 337 4507 iunctio
353 4437 426 4504 ahbi
441 4455 602 4521 nusquam,
623 4439 683 4504 nisi
706 4439 826 4524 egregie
848 4441 946 4520 labor,
968 4440 1000 4504 in
1022 4439 1134 4508 litteris
1156 4442 1273 4526 graecis
1295 4441 1420 4507 occurit.
1466 4441 1636 4524 Negatinne
1659 4443 1762 4506 antem
1785 4439 1879 4508 edre
1902 4467 1939 4528 ys
1961 4435 2025 4529 μήν

186 4615 190 4624 .
221 4544 307 4610 initio
329 4560 432 4608 uersus
457 4543 539 4606 1129
562 4541 655 4606 infixa
677 4541 897 4608 consectarium
919 4541 988 4626 tirit,
1010 4545 1047 4608 ut
1068 4541 1108 4611 ed
1128 4545 1216 4627 illud,
1247 4544 1327 4628 qnod
1348 4545 1429 4610 recte
1451 4564 1540 4611 sunm
1561 4546 1663 4610 locum
1684 4545 1778 4610 hahet
1799 4546 1881 4629 apud
1906 4547 2024 4632 Theog-

223 4647 333 4728 nidem,
356 4645 438 4728 apud
460 4645 625 4711 stobaeum
647 4646 805 4712 deleretur.

377 4747 412 4818 ¹⁶)
436 4749 587 4839 Κορέοοι
608 4748 641 4812 in
662 4747 722 4813 fine
743 4749 926 4831 pentametri
949 4752 1033 4816 1160
1055 4752 1136 4834 apud
1159 4750 1325 4816 Stcbaeum
1346 4751 1495 4816 traditum
1516 4769 1576 4816 non
1597 4751 1699 4833 inepte
1727 4751 1760 4816 in
1787 4753 1904 4818 textum
1931 4755 2025 4838 recipi

224 4853 327 4935 possit,
350 4852 431 4936 qnod
452 4852 528 4918 bene
550 4851 732 4934 respondeat
753 4853 853 4918 versui
881 4853 1039 4936 praeeunti
1069 4857 1152 4919 1158
1177 4851 1460 4941 respuentem.
1505 4853 1634 4920 Accedit
1656 4855 1736 4937 quod
1758 4857 1844 4921 totus
1865 4858 1916 4922 hic
1938 4859 2024 4926 locus

225 4955 258 5020 in
286 4956 439 5022 codicibus
461 4955 662 5039 Theognideis
689 4955 790 5020 minus
816 4955 946 5022 fideliter
971 4958 1108 5022 servatus
1135 4959 1191 5039 est,
1219 4959 1255 5022 ut
1282 4959 1314 5022 in
1342 4957 1552 5024 dissertatione
1579 4962 1681 5024 nostm
1706 4980 1736 5043 p.
1762 4961 1801 5025 19
1830 4961 2023 5030 coniecimus.

379 5059 414 5129 ¹¹)
436 5060 540 5126 Etiam
565 5059 702 5124 inversu
719 5058 967 5125 rrslsronaeus
988 5079 1048 5125 non
1069 5062 1201 5126 multum
1224 5079 1242 5125 a
1264 5079 1332 5128 vero
1354 5062 1476 5128 ridetur
1498 5062 1652 5128 aberrasse
1675 5055 1846 5142 εὐξύνετος
1870 5063 2023 5149 exhibens,

224 5164 303 5230 unde
324 5163 475 5248 Bergkius
497 5163 625 5228 etitem
646 5163 836 5248 Hartungus,
858 5165 939 5228 recte
961 5164 998 5228 ut
1019 5163 1148 5249 videtur,
1171 5161 1354 5244 εὐξονέτοις
1376 5165 1569 5232 scribendum
1591 5185 1656 5232 esse
1678 5167 1879 5233 coniecerunt.
