4500 5782
1120 405 1139 464 5

1051 489 1204 500 ..ι-

232 609 379 710 hausisse,
402 609 456 674 sed
477 609 590 690 multa,
628 625 706 692 quae
731 607 795 672 iam
816 606 855 672 ab
877 605 947 672 aliis
970 606 1098 672 collecta
1120 606 1220 687 erant,
1243 605 1321 672 libro
1351 623 1405 672 suo
1433 605 1552 672 videtur
1577 605 1740 672 inseruisse
1763 604 1919 672 Stobaeus.
1965 600 2027 672 S'ed

230 729 484 813 quemadmodum
505 728 662 814 florilegiis
682 727 746 793 iam
767 727 858 792 antea
879 725 1009 792 conditis
1030 743 1104 792 usus
1126 725 1228 808 sitad
1249 744 1341 791 suum
1361 725 1584 792 instituendum
1605 746 1665 792 non
1686 727 1778 793 facile
1800 745 1902 793 eruere
1928 727 2024 810 potes,

231 870 301 916 cum
321 849 404 934 ipsos
426 849 607 931 scriptorum
620 847 726 913 lentes
747 845 868 914 omnino
896 865 967 912 oum
992 847 1168 930 repudiasse
1193 864 1254 912 non
1275 845 1449 912 contendas.
1500 845 1692 931 Quamquam
1718 849 1806 930 sunt,
1835 848 1889 931 qui
1916 866 1952 912 ex
1980 849 2027 913 in-

238 951 423 1054 aequalitate
443 969 625 1035 lemmatum
647 987 705 1051 „ea
725 967 758 1032 in
778 986 811 1033 re
832 967 941 1051 posita,
963 967 1045 1051 quod
1066 967 1155 1033 modo
1178 966 1366 1050 adscriptum
1388 966 1429 1032 sit
1451 967 1482 1034 et
1496 967 1567 1034 libri
1581 985 1691 1035 nornen
1705 969 1737 1034 et
1751 969 1916 1051 scriptoris,
1938 968 2028 1035 modo

233 1091 290 1157 illo
311 1089 522 1174 praetermisso
542 1089 600 1154 hoc
623 1089 743 1154 tantm
763 1087 896 1171 positum
923 1087 998 1170 sit“,
1026 1087 1231 1171 repetiverint,
1263 1087 1315 1170 ,in
1340 1087 1482 1152 manibus
1509 1087 1601 1154 fuisse
1624 1087 1754 1154 Stobaeo
1781 1088 1841 1156 duo
1869 1087 2028 1174 florilegio,

192 1269 195 1274 ,
232 1211 278 1278 ita
301 1209 424 1292 quidem
451 1209 532 1274 inter
560 1227 593 1274 se
620 1207 834 1292 discrepantia,
857 1209 902 1290 ut,
930 1227 1000 1274 cum
1027 1209 1157 1274 altarum
1182 1209 1302 1292 integra
1322 1207 1469 1273 lemmata
1495 1208 1630 1274 articrrlis
1655 1209 1873 1292 praemitteret,
1899 1209 2031 1275 altem

236 1331 401 1414 adponeret
423 1329 500 1397 nihil
521 1329 581 1395 uisi
602 1329 734 1396 auctoris
754 1333 896 1396 nomeu“.
939 1329 1022 1395 Huic
1036 1329 1204 1394 sententiae
1219 1347 1238 1394 a
1252 1327 1441 1394 Bernhardto
1464 1329 1510 1414 (in
1524 1328 1736 1395 dissertatione
1750 1347 1805 1396 sua
1820 1328 2030 1418 ,Quaestioues

238 1451 410 1518 Stobenses‘
432 1449 621 1536 inscripta)¹)
643 1450 809 1535 prorutam)
831 1455 923 1534 atque
944 1451 1054 1516 acriter
1075 1450 1215 1516 defensae
1240 1450 1322 1515 recte
1345 1449 1522 1515 adversatur
1543 1449 1737 1516 Nietaschins
1759 1451 1804 1534 (in
1826 1449 1906 1516 Mus.
1930 1450 2027 1518 Rhen.

235 1573 313 1638 Nor.
336 1571 395 1638 uol.
417 1569 561 1654 XXII)⁸),
589 1570 641 1654 qui
668 1589 739 1636 cum
767 1571 888 1636 omnino
915 1569 974 1636 duo
995 1570 1085 1638 modo
1106 1571 1286 1636 lemmatum
1314 1589 1426 1655 genera
1452 1570 1581 1654 cogitari
1606 1571 1725 1660 possint
1753 1577 1807 1638 aut
1832 1572 1952 1657 integra
1978 1572 2033 1637 aut

240 1693 351 1776 spuria,
375 1711 409 1757 er
431 1692 488 1757 hac
510 1693 691 1758 lemmatum
712 1691 860 1758 uarietate
882 1692 1123 1758 concludendum
1145 1709 1210 1756 esse
1231 1691 1326 1774 negat
1347 1689 1408 1756 duo
1428 1689 1578 1774 florilegia
1600 1707 1619 1755 a
1640 1688 1770 1781 Stobaeo
1795 1691 1827 1756 in
1848 1710 1945 1762 unum
1967 1710 2033 1758 esse

236 1813 368 1880 redacta.
412 1813 565 1880 Accedere
595 1813 676 1896 quod
697 1811 827 1878 Stobaeo
853 1831 929 1896 opus
954 1813 1034 1878 tanti
1047 1847 1051 1862 ·
1064 1813 1208 1879 circuitus
1234 1811 1379 1878 moliente
1412 1827 1521 1894 parurn
1548 1811 1676 1896 dignum
1702 1791 1856 1896 rideatur,
1889 1813 1941 1896 qui
1969 1813 2044 1878 tam·

240 1933 359 2000 misello
380 1933 505 2000 functus
528 1933 570 1998 sit
591 1933 728 2013 artificio,
750 1933 786 1998 ut
807 1932 866 1998 duo
888 1933 1038 2017 florilegia
1058 1934 1092 1998 in
1113 1952 1209 1998 unum
1230 1931 1473 2016 conmutaret).

396 2053 514 2135 Quibus
547 2054 647 2120 causis
680 2071 699 2118 a
727 2052 903 2118 Nietzsohio
932 2053 1033 2118 allatis
1066 2071 1135 2119 cum
1172 2051 1355 2117 Bernhardti
1388 2051 1539 2116 sententia
1570 2051 1674 2117 minus
1706 2053 1938 2136 comprobabihs
1971 2071 2036 2118 esse

238 2173 389 2256 uideatur,
412 2145 648 2258 Bamharrruse)
671 2175 736 2256 ipse
757 2173 973 2256 argumentum
1004 2152 1157 2256 quoddam
1188 2171 1312 2257 profert,
1335 2189 1393 2254 quo
1427 2189 1472 2253 ea,
1506 2189 1582 2256 quae
1605 2172 1642 2238 de
1665 2172 1779 2256 origine
1807 2173 1948 2258 florilegii
1967 2172 2037 2239 Sto·

239 2295 341 2360 benaia
363 2294 482 2375 statuit,
509 2295 636 2376 paulum
661 2293 877 2376 infringuntur.
921 2293 1089 2359 Democriti
1118 2293 1200 2358 enim
1226 2292 1394 2358 sententias
1422 2311 1519 2375 neque
1545 2311 1580 2358 ex
1605 2292 1751 2376 florilegio
1773 2293 1798 2373 l,
1828 2293 1909 2376 quod
1936 2294 2033 2374 uocat,

242 2434 340 2498 neque
362 2433 398 2479 ex
418 2414 568 2497 florilegio
593 2414 634 2494 ll,
661 2414 715 2479 sod
745 2433 780 2479 er
807 2413 983 2480 collectione
1011 2414 1142 2497 quadam
1167 2413 1319 2479 dictorum
1344 2413 1605 2478 Democriteemm
1632 2411 1807 2496 desumptas
1834 2432 1900 2479 osse
1922 2413 2037 2479 conicit

241 2537 332 2618 atque
359 2534 408 2598 vix
436 2533 498 2599 dici
525 2552 623 2618 posse,
650 2533 851 2617 Epicharmos
879 2535 983 2600 ubam
1009 2552 1026 2599 e
1052 2532 1201 2617 florilegio
1227 2533 1269 2612 Π,
1302 2551 1342 2598 an
1369 2551 1404 2598 ex
1425 2533 1492 2616 ipsa
1513 2533 1689 2600 collectione
1717 2535 1854 2601 hauserit
1877 2533 2036 2602 Stobaeus.

147 2687 149 2692 ·
241 2657 348 2738 ltaque
370 2656 397 2720 si
418 2634 524 2721 uarium
545 2655 592 2719 est
614 2655 674 2721 duo
694 2655 784 2720 illum
805 2654 955 2739 florilegia
976 2655 1157 2735 exhausisse,
1179 2653 1298 2736 praeter
1324 2671 1360 2718 ea
1375 2653 1469 2719 etiam
1498 2653 1574 2719 alios
1589 2653 1688 2719 fontes
1702 2655 1762 2721 sibi
1776 2657 1939 2739 aperuisse,
1962 2674 2037 2739 quos

239 2777 273 2842 in
295 2796 383 2843 suam
403 2795 468 2842 rem
491 2778 691 2859 conuerteret,
715 2795 786 2842 cum
806 2775 994 2842 Bernhardto
1015 2755 1178 2840 summm
1204 2792 1301 2856 neque
1323 2774 1513 2855 dubitamus,
1546 2773 1620 2856 quin
1641 2775 1673 2840 et
1694 2775 1775 2858 ipses
1797 2777 1958 2861 scriptores
1981 2775 2036 2841 ad-

240 2898 310 2963 ierit
330 2897 470 2980 florilegii
491 2899 596 2964 auotm
618 2899 649 2962 et
670 2896 852 2980 anthologiis
873 2895 937 2960 iam
959 2896 1039 2977 anto,
1062 2896 1129 2960 tum
1151 2895 1276 2978 abipso
1298 2894 1434 2976 sonasse,
1456 2896 1524 2960 tum
1546 2895 1584 2960 ab
1608 2895 1679 2960 aliis
1701 2896 1830 2962 conditis
1852 2916 1926 2964 usus
1949 2896 1999 2963 sit.

396 3017 490 3083 Aliud
512 3037 571 3100 quo
593 3017 775 3084 Bernhardti
798 3017 949 3082 senmntia
971 3017 1011 3082 ad
1031 3016 1153 3082 irritum
1173 3015 1331 3100 redigatur
1351 3016 1408 3081 hoc
1430 3016 1501 3081 est·
1520 2999 1618 3097 'Quod
1644 3015 1727 3082 enim
1754 3015 1829 3081 dicit
1854 3017 1902 3082 uir
1930 3018 2037 3084 doctus

244 3141 265 3204 l.
289 3140 310 3204 l.
333 3159 363 3222 p.
388 3141 427 3204 11
452 3139 542 3220 ,quod
564 3138 603 3203 ad
625 3137 792 3204 sententiae
814 3137 934 3219 attinet,
956 3137 1075 3202 nullum
1097 3135 1363 3202 animadvertimus
1385 3135 1516 3202 discerni
1536 3154 1624 3220 posse
1646 3135 1808 3202 discrimen
1822 3137 1901 3202 inter
1914 3140 2035 3204 ubam·

246 3279 304 3343 quo
325 3258 508 3342 florilegium
529 3259 727 3339 intercedens,
750 3277 821 3324 cum
841 3258 874 3322 in
894 3258 1022 3340 utroque
1044 3275 1147 3322 omncs
1168 3257 1230 3322 lere
1251 3257 1359 3340 poetae
1380 3258 1575 3324 recurrerent
1597 3257 1630 3322 id
1651 3256 1753 3340 potius
1773 3258 1849 3322 mihi
1863 3257 2040 3324 confirmare

243 3381 377 3460 utetur,
412 3377 576 3446 stobaeum
602 3397 672 3445 non·
692 3380 751 3445 duo
777 3379 899 3445 tantum
926 3377 1076 3462 florilegio
1101 3377 1329 3462 conscripsisse,
1356 3377 1410 3444 sed
1430 3377 1533 3461 ipsum
1555 3396 1590 3442 er
1612 3377 1740 3461 propriis
1762 3363 1896 3445 fontibus
1917 3379 2038 3444 bibisse.

245 3501 366 3568 Etenim
389 3519 459 3566 curn
481 3499 571 3580 ,inter
591 3501 753 3583 utrmuque
775 3499 958 3584 florilegium
979 3498 1098 3565 nullum
1119 3498 1285 3564 discrimen
1305 3499 1339 3563 in
1360 3498 1520 3564 sententiis
1546 3498 1696 3583 adlegatis
1717 3499 1937 3580 intercederet,
1967 3517 2039 3566 sane

246 3621 419 3687 mirandum
444 3621 533 3700 esset,
562 3619 637 3686 duos
665 3621 883 3706 florilegiorum
911 3621 1049 3687 auctores
1075 3637 1129 3686 suo
1156 3619 1282 3703 quisqhe
1308 3620 1379 3685 usui
1407 3613 1572 3685 scribentes
1598 3619 1631 3684 in
1654 3637 1688 3684 eo
1716 3619 1913 3701 consensisse,
1940 3619 1976 3684 ut
2004 3639 2040 3685 ex

246 3741 383 3806 omnibus
404 3741 501 3824 poetis
523 3757 618 3822 aeque
639 3741 827 3825 colligerent.

396 3859 536 3942 Exceptis
551 3861 646 3944 igitur
661 3861 730 3926 aliis
745 3862 879 3944 syllogis,
902 3879 978 3943 quas
994 3860 1141 3944 excerpsit
1156 3859 1313 3942 Stobaeus,
1336 3859 1543 3944 Theognideas
1559 3859 1617 3926 sibi
1631 3859 1797 3926 vindicarit
1812 3860 2036 3926 exhauriendas.

243 3977 350 4062 Neque
382 3979 463 4044 enim
495 3971 574 4046 rfflas
608 3981 685 4046 alias
716 3981 850 4066 syllogus
884 3999 954 4046 eum
978 3980 1121 4046 habuisse
1148 3980 1286 4064 cognitas
1313 3980 1373 4046 nisi
1399 3981 1475 4045 duas
1500 3981 1580 4061 illas,
1607 3980 1773 4063 exquibus
1801 3980 1887 4061 ,liber
1912 3979 2038 4064 primus‘

244 4099 505 4193 Theognideorum
525 4102 615 4167 hodie
636 4103 766 4184 constat,
794 4120 904 4186 easque
931 4102 1013 4185 ipsas
1040 4101 1080 4168 ad
1106 4101 1288 4186 florilegium
1314 4101 1503 4167 condendum
1530 4120 1701 4184 usmpasse,
1728 4101 1911 4186 Berghiusss)
1939 4119 1974 4166 ex
2001 4119 2036 4167 eo

245 4221 403 4303 conclusit,
426 4222 506 4305 quod
526 4223 659 4306 primum
680 4223 829 4290 Stobaeus
850 4241 954 4292 versus
976 4223 1145 4304 nonnullos,
1169 4239 1243 4306 quos
1265 4221 1383 4288 Solonis
1406 4239 1470 4286 esse
1493 4221 1574 4287 certo
1597 4222 1720 4302 scimus,
1743 4223 1775 4287 et
1797 4221 1849 4304 qui
1871 4221 1903 4286 in
1927 4221 2038 4288 nostris

400 4443 421 4512 1)
445 4447 569 4512 Bonnae
597 4449 687 4514 1861.

397 4547 421 4720 ΖΞ
442 4549 577 4718 111ξέΣο
601 4550 837 4635 supralaudato
859 4569 888 4633 p.
913 4553 933 4615 9
956 4567 1019 4633 sqq.
1112 4601 1119 4643 ,

395 4754 419 4822 ‘l
441 4672 584 4822 gillens
606 4757 699 4822 relim
719 4755 869 4823 iudicium
890 4756 971 4839 quod
991 4757 1065 4821 tuht
1087 4756 1248 4839 Gesnerus,
1271 4757 1317 4822 vir
1339 4757 1542 4837 doctissimus,
1564 4758 1597 4820 in
1619 4775 1664 4838 ep.
1685 4756 1906 4838 nuncupatoria
1929 4755 1976 4840 (in
1991 4753 2037 4821 ed.

249 4857 342 4925 Gaisi.
365 4879 397 4942 p.
419 4859 463 4926 VI
485 4861 544 4944 sq.)
567 4861 605 4926 de
626 4859 746 4944 ingenio
769 4862 801 4926 et
821 4860 933 4926 laboris
954 4859 1136 4926 assiduitate
1159 4860 1281 4927 Stobaai
1304 4860 1484 4926 admirabih.
1522 4858 1655 4924 Summis
1678 4877 1748 4924 eum
1767 4859 1909 4924 laudibus
1925 4859 2038 4926 onerat.

397 4963 411 5001 b

398 4970 420 5134 ὓς
440 4964 663 5136 ὶῇιᾘΐε.1ἓὴ.
686 5069 765 5135 Nor.
788 5067 835 5136 ΙΙΙ
856 5089 885 5152 p.
910 5070 983 5150 396,
1006 5086 1069 5150 sqq.
