4500 5782
1067 419 1105 485 15

1006 503 1159 516 ψ...-

605 627 631 694 Ι.
1527 627 1568 692 ΙΙ.

184 765 217 830 in
226 763 312 832 libris
321 763 523 848 Theognideis
537 763 695 848 utrinsque
709 762 844 829 familiae
858 763 1058 847 postremum
1110 760 1238 828 inlibris
1254 761 1453 846 Theognideis
1467 763 1626 848 utriusque
1639 762 1774 830 familiae
1786 766 1987 850 postremum

186 877 249 944 509
269 876 305 961 (ι.
321 895 347 943 e.
369 899 399 924 =
419 878 491 942 509.
507 875 585 960 510)
608 874 639 939 et
659 873 692 940 in
711 871 833 940 Stobeei
853 873 940 954 libris
962 872 1057 939 stru:
1224 907 1225 912 ν
1336 875 1400 940 210
1423 874 1458 960 (i.
1480 893 1506 940 e.
1532 895 1561 922 =
1585 877 1658 942 211.
1682 877 1760 961 212)

189 976 1059 1072 Οἶνοςπινόμενοςπονλύςκακόν·ἢννλέτιςαέιὸν
1113 977 1988 1074 Ολνὸννοιπλνεινποολύννακόν·ἢνδέσιςοιέπόν

229 1101 308 1188 πένῃ
331 1097 568 1183 ἐπισταμένως,
591 1092 631 1167 οὕ
655 1095 771 1179 raetis
797 1092 869 1184 ἀλλ’
896 1092 1060 1184 α’μαθὸν.
1083 1044 1088 1180 λ
1166 1095 1246 1184 πένῃ
1269 1094 1507 1181 ἐπισταμένως,
1530 1095 1707 1180 οὕ-κακὸς
1728 1095 1801 1167 ἀλλ’
1824 1092 1989 1187 ἁγαθός·

1061 1251 1116 1318 HI.

648 1389 729 1473 epnd
756 1382 1081 1478 Stobseum'(eodioes
1114 1389 1262 1475 plurimi),
1296 1389 1529 1457 Artemidorum

897 1501 1103 1586 Aristotelem,
1125 1500 1276 1570 (telenum

600 1606 716 1690 Οἶνος
739 1604 953 1696 πινόμενος
975 1610 1113 1692 πουλύς
1134 1607 1263 1691 κακός·
1286 1609 1377 1698 ἢνδέ
1393 1638 1446 1691 τις
1460 1609 1582 1681 αὐτόν

662 1723 778 1812 πένῃῑ)
801 1723 1039 1809 ἐπισταμένως,
1061 1719 1103 1790 οὕ
1125 1722 1241 1804 κακός
1263 1721 1334 1792 ἀλλ’
1358 1716 1530 1815 μέγαθός.

341 1879 476 1962 Quorum
489 1877 699 1946 reeensionum
714 1898 791 1962 enm,
814 1897 904 1963 quam
920 1879 1011 1946 tertio
1025 1879 1092 1945 loeo
1113 1879 1210 1962 posui,
1231 1879 1353 1962 propter
1369 1879 1566 1962 personalem,
1586 1897 1679 1963 quom
1693 1879 1809 1962 dieunt,
1826 1881 1986 1950 uerborum

132 2065 139 2072 ,
193 1992 456 2076 oonstruotionem
480 1991 653 2076 Theognide
676 1991 888 2076 dignissimam
910 2009 990 2058 essse
1012 1989 1131 2074 puto.²l
1799 1983 1808 2004 '

343 2103 508 2190 Reliquum
530 2105 591 2184 est,
618 2104 654 2168 ut
680 2121 731 2168 eos
754 2122 872 2188 versus,
905 2104 958 2189 qni
984 2103 1093 2168 tertiae
1108 2103 1206 2170 olsssi
1228 2101 1409 2168 eeoensendi
1430 2099 1502 2184 sint,
1523 2102 1557 2168 in
1579 2103 1816 2188 disputationem
1838 2123 1988 2172 vocemus.

193 2211 260 2296 Quo
281 2215 315 2280 in
335 2221 371 2280 re'
388 2217 501 2282 iterum
523 2210 679 2298 sequimur
700 2214 836 2280 ordinem
859 2213 998 2281 oodieum
1019 2214 1312 2298 Theognideorum.·

267 2371 269 2378 ι
344 2327 446 2410 Atque
479 2326 641 2390 oeourrnnt
672 2323 805 2407 primum
836 2345 941 2393 versus
975 2329 1155 2408 155-158,
1190 2325 1271 2408 apud
1297 2325 1462 2391 Stobseum
1488 2325 1522 2390 in
1548 2345 1615 2408 esp.
1642 2323 1741 2392 XCVI
1770 2331 1821 2410 15,
1849 2328 1916 2392 tum
1944 2347 1992 2394 vr.

195 2439 374 2517 175-180,
398 2435 479 2519 opud
500 2436 682 2502 eundemin
701 2436 1107 2522 oep.XCV116exsoripti,
1130 2437 1294 2522 dequibus
1308 2437 1370 2500 iam
1385 2455 1476 2518 sopra
1491 2435 1620 2520 egimus,
1639 2457 1722 2525 oum,
1736 2439 1992 2523 quemadmodum
2106 2469 2108 2478 ·
2238 2415 2239 2456 ³

196 2547 368 2630 fragments
389 2547 422 2612 in
445 2547 592 2632 florilegio
614 2548 762 2630 disposita
784 2551 894 2632 essent,
918 2550 1141 2617 dissereremus.
1186 2549 1234 2615 Ne
1255 2549 1365 2631 longus
1388 2547 1456 2628 sim,
1478 2567 1529 2614 eos
1551 2549 1672 2615 tantum
1696 2569 1798 2616 versus
1818 2552 1995 2634 exseribem,

195 2657 232 2724 de
253 2657 363 2743 quibus
384 2659 534 2744 quaedem
556 2661 707 2728 monenda
729 2663 815 2728 sunt:
904 2739 906 2741 ,

344 2769 380 2835 In
401 2771 539 2838 uersibus
559 2772 655 2857 igitur
678 2777 740 2839 155
763 2769 909 2857 Minori
931 2799 986 2841 τοι
1009 2775 1122 2860 πενίην
1145 2765 1370 2862 θυμόφθορον
1393 2767 1488 2860 dodoi
1511 2773 1734 2856 χολωθείς,

684 2889 745 2952 156
767 2887 843 2972 μηδ’
865 2877 1095 2976 οἶχρημοσύνην
1116 2881 1336 2972 οὐλομένην
1359 2880 1507 2974 πρόφερε

197 2993 253 3058 hee
273 2994 368 3060 hebes
389 2995 469 3078 opud
491 2994 656 3064 Stobseum
678 2997 823 3064 lectiones
844 2998 977 3079 variatas
998 2999 1032 3064 in
1053 3015 1082 3066 ν.
1108 3001 1168 3063 155
1191 3021 1249 3080 μοι
1271 3033 1313 3045 -
1336 2995 1532 3084 χαλεφθείς,
1562 2996 1594 3061 in
1616 3017 1645 3063 v.
1670 3001 1731 3064 156
1757 2989 1875 3087 Κύρνε,
1898 2981 1996 3084 κακήν

198 3106 251 3171 sed
272 3105 363 3172 Vind.
385 3106 484 3172 Trine.
504 3126 565 3188 om.
589 3104 708 3197 Κύρνε.
754 3111 956 3200 Χαλεφθεὶς
979 3130 1050 3176 oum
1071 3109 1154 3176 idem
1174 3109 1235 3174 lere
1258 3107 1411 3191 significet
1434 3108 1527 3192 atque
1551 3109 1728 3192 χολωθείς,
1756 3111 1792 3174 ut
1818 3130 1914 3176 unum
1943 3128 1997 3193 pro

197 3217 291 3286 altero
312 3218 408 3283 textui
435 3219 583 3287 insertum
611 3221 661 3304 sit,
691 3240 752 3288 nou
780 3241 847 3288 ruro
874 3222 907 3286 in
929 3222 1084 3288 oodioibus
1110 3221 1174 3288 fieri
1197 3219 1478 3286 animadvertimus.
1524 3219 1672 3286 Similiter
1693 3221 1786 3288 leotio
1807 3221 1998 3308 insequentis

196 3347 300 3396 sersus
331 3331 416 3396 varia
448 3331 556 3398 efferta
577 3333 632 3398 est.
676 3333 726 3398 Ad
747 3351 852 3400 voosm
874 3334 955 3400 enim
977 3333 1190 3400 declarandam
1212 3327 1391 3418 οὐλομένην
1420 3332 1639 3416 grsmmntious
1660 3333 1784 3418 quidem
1815 3332 1914 3420 κακήν
1943 3333 1997 3400 ad-

197 3442 327 3525 seripsit,
349 3442 432 3508 idem
454 3445 557 3509 autem
578 3445 641 3517 sive
667 3445 746 3510 alius
768 3445 847 3528 quis,
873 3448 909 3511 ut
935 3465 1055 3512 uersum
1082 3445 1254 3528 compleret,
1285 3439 1393 3531 Κύρνε
1422 3444 1550 3526 eddidit,
1579 3445 1661 3530 quod
1688 3445 1793 3527 postes
1820 3449 1853 3512 in
1880 3447 1998 3512 textum

97 3562 102 3573 ’
196 3554 352 3635 receptum
374 3555 430 3620 est.
475 3555 649 3622 Leotionem
671 3557 775 3622 entem
795 3557 989 3642 Theognidis,
1011 3576 1103 3642 quem
1122 3557 1179 3623 hoo
1199 3557 1265 3622 looo
1279 3555 1436 3622 imitatum
1452 3574 1517 3620 esse
1532 3556 1704 3622 Hesiodum
1718 3557 1998 3642 Kuellenbergerus

201 3663 247 3748 (m
275 3665 347 3730 diss.
373 3667 501 3750 Argent.
529 3670 611 3732 1867
638 3669 685 3735 ed.
717 3671 773 3750 ,De
799 3669 975 3736 Imitatione
996 3669 1199 3753 Theognides‘
1226 3667 1384 3753 inscripta)
1416 3667 1555 3750 docuit,⁸l
1589 3687 1677 3734 nemo
1705 3687 1765 3734 non
1787 3670 1939 3752 praeferet
1962 3671 2000 3750 ei,

199 3770 292 3860 quum
313 3757 437 3842 admisit
459 3777 616 3845 Stobeeus.
662 3778 721 3861 Qui
742 3798 812 3845 vero
834 3799 905 3846 oum
921 3779 1057 3846 sonmo
1072 3779 1163 3864 Cyrni
1184 3798 1293 3846 nomen
1316 3779 1479 3862 exhiberet,
1502 3779 1591 3844 focile
1607 3780 1758 3846 adductus
1774 3782 1832 3862 est,
1858 3783 1892 3846 ut
1907 3782 2001 3848 etiem

199 3889 232 3954 in
251 3909 280 3954 v.
306 3893 366 3954 155
389 3912 442 3956 τοι
462 3891 540 3956 illud
560 3892 695 3957 mutaret
715 3892 747 3956 in
769 3915 836 3976 μοι.
879 3893 1028 3958 inversu
1052 3893 1123 3971 158,
1150 3890 1232 3974 quod
1259 3890 1356 3956 obiter
1384 3891 1472 3973 oddo,
1502 3892 1642 3976 florilegii
1669 3892 1787 3958 oodiees
1810 3911 1881 3960 oum
1903 3894 2000 3960 Muti-

196 4000 284 4066 nensi
309 4001 343 4066 in
371 4019 431 4066 uno
458 4003 548 4069 verbo
577 4003 723 4070 tredendo
752 4021 855 4069 omnes
883 4004 1076 4070 consentiunt
1101 4002 1221 4090 μηδὲν
1247 4002 1422 4085 scribentes,
1456 4023 1527 4070 oum
1553 4003 1647 4068 eeteri
1668 4003 1853 4086 Theognidis
1876 4005 1995 4071 eodiees

198 4112 278 4178 mele
299 4112 429 4178 reddant
449 4111 570 4182 οὐδέν.

350 4223 443 4290 Initia
465 4245 607 4296 versuum
628 4245 718 4314 saepe
739 4227 860 4312 mutato
881 4246 955 4308 esse,
982 4228 1018 4292 ut
1040 4227 1206 4292 sententies
1232 4227 1272 4292 ed
1301 4247 1391 4292 suum
1413 4227 1573 4294 eonsilium
1601 4227 1773 4311 redigerent
1799 4228 1932 4311 librarii,
1959 4229 1999 4294 ed

196 4352 299 4401 versus
323 4337 395 4416 175,
420 4343 492 4422 177,
517 4343 577 4408 179
601 4343 632 4406 et
654 4341 729 4408 olibi
743 4339 1054 4406 commemoravimus.
1098 4340 1135 4404 Iu
1156 4359 1184 4404 ν.
1204 4343 1264 4405 175
1284 4339 1435 4423 Theognis
1457 4332 1576 4408 πόνιον
1595 4339 1728 4423 epitheto
1748 4341 1836 4406 ornet
1858 4345 1999 4424 ,βαθυ-

203 4451 319 4542 κήτεα,
341 4455 379 4521 ab
401 4470 459 4517 usu
480 4452 606 4518 Homeri
627 4453 780 4534 resedens,
807 4453 860 4536 qui
882 4445 1104 4536 ,μεγακήτεα
1130 4451 1275 4535 appellat.
1319 4451 1407 4516 Hane
1434 4453 1684 4518 eonsuetudinem
1712 4448 1906 4518 Homericam
1933 4471 1997 4518 nm-

205 4558 318 4650 plexis,
341 4565 447 4654 quiin
469 4564 559 4630 verbo
581 4565 870 4648 inusitatoltodon.
893 4545 1074 4643 offendebat,
1103 4563 1199 4628 textui
1224 4562 1353 4628 immisit
1373 4561 1502 4630 formem
1524 4566 1615 4648 vulgo
1644 4565 1749 4630 tritsm
1779 4591 1893 4652 μεγαν.
1938 4565 1998 4631 Sed

200 4763 401 4774 ——---

353 4877 383 4963 ¹)‚
401 4881 481 4946 item
504 4875 597 4944 Clem.
621 4874 718 4955 Alex,
740 4874 799 4938 nisi
822 4873 950 4957 quodie
974 4823 1073 4959 αὐαέ
1087 4879 1205 4960 χρῆναι
1225 4891 1278 4954 pro
1301 4868 1399 4939 αὐτόν
1425 4873 1503 4960 πίνῃ
1527 4872 1654 4940 exhibet.

353 4981 374 5048 ²)
396 4981 457 5048 Otr.
480 4981 552 5047 diss.
574 4999 615 5043 m.
638 4998 667 5060 p.
693 4981 742 5044 13.

352 5083 374 5148 ὅ)
395 5105 425 5169 p.
449 5088 500 5167 24,
524 5087 575 5166 32,
599 5083 650 5148 39.
